@misc{csirt-ddos,
 	title={Ochrana pred útokmi {DDoS} ({Príručka} administrátora)},
 	publisher={CSIRT.SK},
 	year={2013},
 	note={\url{https://www.csirt.gov.sk/doc/DDoS_CSIRT.pdf}}
}  

@misc{csirt-web-checklist,
 	title={Kontrolný zoznam pre bezpečnosť webových aplikácií},
 	publisher={CSIRT.SK},
 	year={2020},
 	note={\url{https://www.csirt.gov.sk/doc/Checklist2.0.pdf}}
}  

@misc{csirt-hardening,
 	title={Linux Hardening ({Príručka} administrátora)},
 	publisher={CSIRT.SK},
 	year={2013},
 	note={\url{https://www.csirt.gov.sk/doc/Hardened_v1.pdf}}
}  

@misc{nginx-http-balancer,
 	title={NGINX Load Balancer Guide},
 	year={2021},
 	note={\url{https://docs.nginx.com/nginx/admin-guide/load-balancer/}}
}

@misc{haproxy-docs,
 	title={HAProxy documentation},
 	year={2021},
 	note={\url{http://cbonte.github.io/haproxy-dconv/}}
}  

@misc{infiltrating-botnet,
 	title={Infiltrating a Botnet},
 	publisher={Cisco},
 	year={2020},
 	note={\url{https://tools.cisco.com/security/center/resources/infiltrating_botnet}}
} 

@misc{revenge-assange,
 	title={Infiltrating a Botnet},
 	publisher={Cisco},
 	year={2020},
 	note={\url{https://www.businessinsider.com/cyber-hackers-that-took-down-swiss-bank-site-have-now-taken-down-mastercardcom-2010-12}}
} 

@misc{keepalived-docs,
 	title={Keepalived User Guide},
 	year={2021},
 	note={\url{https://keepalived.readthedocs.io/en/latest/}}
} 

@misc{sticky-session,
 	title={Sticky Session},
 	year={2020},
 	publusher={Imperva},
 	note={\url{https://www.imperva.com/learn/availability/sticky-session-persistence-and-cookies/}}
} 

@article{haproxy-ddos,
 	title={Use a Load Balancer as a First Row of Defense Against DDOS},
 	author={Baptiste Assmann},
 	journal={HAProxy Blog},
 	year={2012},
 	note={\url{https://www.haproxy.com/blog/use-a-load-balancer-as-a-first-row-of-defense-against-ddos/}}
} 

@article{haproxy-ddos-L7,
 	title={Application-Layer DDoS Attack Protection with HAProxy},
 	author={Chad Lavole},
 	journal={HAProxy Blog},
 	year={2018},
 	note={\url{https://www.haproxy.com/blog/application-layer-ddos-attack-protection-with-haproxy/}}
} 


@article{haproxy-php-fpm,
 	title={Load Balancing PHP-FPM with HAProxy and FastCGI},
 	author={Nick Ramirez},
 	journal={HAProxy Blog},
 	year={2020},
 	note={\url{https://www.haproxy.com/blog/load-balancing-php-fpm-with-haproxy-and-fastcgi/}}
} 

@article{ddos-attacks,
	author = {K.Munivara Prasad and A.Rama Mohan Reddy and K.Venugopal Rao},
    title = {DoS and   DDoS   Attacks:   Defense,   Detection   and   Traceback   Mechanisms -A Survey},
	journaltitle = {Global Journal of Computer Science and Technology (GJCST)},
	year = {2014},
	volume = {14},
	issue = {7},
	issn ={0975-4172},
	note={\url{https://core.ac.uk/reader/231149430}}
}

@article{enisa-ddos,
 	title={ENISA Threat Landscape 2020 - Distributed denial of service },
 	journal={ENISA},
 	year={2020},
 	note={\url{https://www.enisa.europa.eu/publications/enisa-threat-landscape-2020-distributed-denial-of-service}}
}  

@book{server-load-balancing, 
 	place={Beijing}, 
 	title={Server load balancing}, 
 	publisher={O'Reilly}, 
 	author={Bourke, Tony}, 
 	year={2001}
}

@article{cohen-felson,
	author = {Cohen, Lawrence and Felson, Marcus},
	year = {1979},
	month = {08},
	pages = {},
	title = {Social Change and Crime Rate Trends: A Routine Activity Approach},
	volume = {44},
	journal = {American Sociological Review},
	doi = {10.2307/2094589}
}

@inbook{heretik,
  author = {Heretik, Anton}, 
  title = {Forenzná psychológia},
  chapter = 4,
  pages = {64-71},
  publisher = {Slovnenské Pegagogické Nakladateľstvo},
  address = {Sasinkova 5, 815 19 Bratislava},
  year  = 2004,
  edition =  2,
  isbn = {80-10-00341-7}
}

@book{radware-ddos, 
 	title={DDoS Handbook: The Ultimate Guide to Everything You Need to Know about DDoS Attacks}, 
 	publisher={Radware}, 
 	year={2016},
 	note={\url{https://www.radware.com/getattachment/Security/Research/702/Radware_DDoS_Handbook_2015.pdf.aspx}}
} 

@inbook{nginx-cookbook, 
	booktitle={NGINX cookbook: advanced recipes for high performance load balancing}, 
	publisher={O'Reilly}, 
	author={DeJonghe, Derek}, 
	year={2019}, 
	pages={9–25}
} 

@techreport{RFC2616,
	author = {Roy T. Fielding and James Gettys and Jeffrey C. Mogul and Henrik Frystyk Nielsen and Larry Masinter and Paul J. Leach and Tim Berners-Lee},
  	title = {Hypertext Transfer Protocol -- HTTP/1.1},
  	howpublished = {Internet Requests for Comments},
  	type = {RFC},
  	number = {2616},
  	year = {1999},
  	month = {June},
  	issn = {2070-1721},
  	publisher = {RFC Editor},
  	note = {\url{http://www.rfc-editor.org/rfc/rfc2616.txt}},
}

@techreport{RFC2991,
  	author = {D. Thaler and C. Hopps},
  	title = {Multipath Issues in Unicast and Multicast Next-Hop Selection},
  	howpublished = {Internet Requests for Comments},
  	type = {RFC},
  	number = {2991},
  	year = {2000},
  	month = {November},
  	issn = {2070-1721},
  	publisher = {RFC Editor},
  	institution = {RFC Editor},
  	note = {\url{http://www.rfc-editor.org/rfc/rfc2991.txt}},
}

@techreport{RFC2992,
	author = {C. Hopps},
  	title = {Analysis of an Equal-Cost Multi-Path Algorithm},
  	howpublished = {Internet Requests for Comments},
  	type = {RFC},
  	number = {2992},
  	year = {2000},
  	month = {November},
  	issn = {2070-1721},
  	publisher = {RFC Editor},
  	institution = {RFC Editor},
  	note = {\url{http://www.rfc-editor.org/rfc/rfc2992.txt}},
}

@techreport{RFC2827,
	author = {P. Ferguson and D. Senie},
  	title = {Network Ingress Filtering: Defeating Denial of Service Attacks which employ IP Source Address Spoofing},
  	howpublished = {Internet Requests for Comments},
  	type = {BCP},
  	number = {38},
  	year = {2000},
  	month = {May},
  	issn = {2070-1721},
  	publisher = {RFC Editor},
  	institution = {RFC Editor},
  	url = {http://www.rfc-editor.org/rfc/rfc2827.txt},
  	note = {\url{http://www.rfc-editor.org/rfc/rfc2827.txt}},
}

@techreport{RFC3704,
	author = {F. Baker and P. Savola},
  	title = {Ingress Filtering for Multihomed Networks},
  	howpublished = {Internet Requests for Comments},
  	type = {BCP},
  	number = {84},
  	year = {2004},
  	month = {March},
  	issn = {2070-1721},
  	publisher = {RFC Editor},
  	institution = {RFC Editor},
  	url = {http://www.rfc-editor.org/rfc/rfc3704.txt},
  	note = {\url{http://www.rfc-editor.org/rfc/rfc3704.txt}},
}

@techreport{RFC5798,
	author = {S. Nadas},
	title = {Virtual Router Redundancy Protocol (VRRP) Version 3 for IPv4 and IPv6},
  	howpublished = {Internet Requests for Comments},
  	type = {RFC},
  	number = {5798},
  	year = {2010},
  	month = {March},
  	issn = {2070-1721},
  	publisher = {RFC Editor},
  	institution = {RFC Editor},
  	url = {http://www.rfc-editor.org/rfc/rfc5798.txt},
  	note = {\url{http://www.rfc-editor.org/rfc/rfc5798.txt}},
}


@misc{http-headers, 
	title={HTTP headers reference}, 
	note={\url{https://developer.mozilla.org/en-US/docs/Web/HTTP/Headers}},
	journal={MDN},
	year={2021}
}

@misc{common-log, 
	title={Log Files}, 
	note={\url{https://httpd.apache.org/docs/trunk/logs.html}},
	journal={Apache},
	year={2021}
}

@misc{link-trunking, 
	title={IEEE 802.3: Tutorial on Link Aggregation and Trunking}, 
	note={\url{https://grouper.ieee.org/groups/802/3/trunk_study/tutorial/index.html}},
	year={1997}
}

@misc{haproxy-logging, 
	title={Introduction to HAProxy Logging}, 
	note={\url{https://www.haproxy.com/blog/introduction-to-haproxy-logging/}},
	journal={HAProxy Blog},
	author={Moemen Mhedhbi},
	year={2019}
}

@misc{nginx-zabbix, 
	title={Zabbix Nginx integration}, 
	note={\url{https://www.zabbix.com/integrations/nginx}},
	year={2021}
}

@misc{haproxy-zabbix, 
	title={Zabbix HAProxy integration}, 
	note={\url{https://www.zabbix.com/integrations/haproxy}},
	year={2021}
}

@misc{nginx-ddos-protection, 
	title={Mitigating DDoS Attacks with NGINX and NGINX Plus}, 
	note={\url{https://www.nginx.com/blog/mitigating-ddos-attacks-with-nginx-and-nginx-plus/}},
	year={2015}
}

@misc{haproxy-rate-limiting, 
	title={HAProxy Rate Limiting: Four Examples}, 
	note={\url{https://www.haproxy.com/blog/four-examples-of-haproxy-rate-limiting/}},
	year={2019},
	author={Nick Ramirez}
}

@article{ddos-anatomy-2004, 
 	title={A taxonomy of DDoS attack and DDoS defense mechanisms}, 
 	volume={34}, 
 	doi={10.1145/997150.997156}, 
 	number={2}, 
 	journal={ACM SIGCOMM Computer Communication Review}, 
 	author={Mirkovic, Jelena and Reiher, Peter}, 
 	year={2004}, 
 	pages={39–53}
}

@article{physical-security, 
 	title={A Basic Principle of Physical Security and Its Link to Cybersecurity}, 
 	volume={14},
 	issue={1},
 	journal={International journal of cyber criminology}, 
 	author={Lee, Seungmug (Zech)}, 
 	year={2020}, 
 	doi={10.5281/zenodo.3749780},
 	pages={203-219}
}

@article{botnets, 
	title={Botnet-based Distributed Denial of Service (DDoS) Attacks on Web Servers: Classification and Art}, 	volume={49}, 
	doi={10.5120/7640-0724}, 
	number={7}, 
	journal={International Journal of Computer Applications},
	author={Alomari, Esraa and Manickam, Selvakumar and B. Gupta, B. and Karuppayah, Shankar and Alfaris, Rafeef}, 
	year={2012}, 
	pages={24–32}
} 

@article{availability,
	author = {Mir, Suhail and Quadri, Syed},
	year = {2016},
	month = {01},
	pages = {185-194},
	title = {Information Availability: An Insight into the Most Important Attribute of Information 		Security},
	volume = {07},
	journal = {Journal of Information Security},
	doi = {10.4236/jis.2016.73014}
}

@inproceedings{load-balance-algo,
	author = {Mcheick, Hamid and Alardawy, Zaid and Lakiss, Abbass},
	year = {2011},
	month = {09},
	pages = {104 - 109},
	title = {Evaluation of Load Balance Algorithms},
	journal = {Proceedings - 2011 9th International Conference on Software Engineering Research, Management 	and Applications, SERA 2011},
	doi = {10.1109/SERA.2011.46}
}

@article{algorithm-performance,
	author = {Saumendu Roy and Dr. Md. Alam Hossaina and Sujit Kumar Sen and Nazmul Hossain and Md. Rashid Al Asif},
	year = {2019},
	volume={19},
	issue={1},
	title = {Measuring the Performance on Load Balancing Algorithms},
	journal = {Global Journal of Computer Science and Technology},
	issn = {0975-4172},
}

@article{load-balance-in-distributed-system,
	author = {Soundarabai, Paulsingh and Sandhya, Rani and Sahai, Ritesh and K R, Venugopal and Patnaik, Lalit},
	year = {2012},
	month = {12},
	pages = {},
	title = {COMPARATIVE STUDY ON LOAD BALANCING TECHNIQUES IN DISTRIBUTED SYSTEMS},
	volume = {6}
}

@article{why-attack,
	author = {Abhishta, Abhishta and van Heeswijk, Wouter and Junger, Marianne and Nieuwenhuis, Bart and Joosten, Reinoud},
	year = {2020},
	month = {06},
	pages = {3-22},
	title = {Why would we get attacked? An analysis of attacker's aims behind DDoS attacks},
	volume = {11},
	journal = {Journal of Wireless Mobile Networks},
	doi = {10.22667/JOWUA.2020.06.30.003}
}

@article{trestny-zakon,
	title={Zákon 300/2005 Z.z. Trestný zákon},
	year={2021},
	note={\url{https://www.slov-lex.sk/pravne-predpisy/SK/ZZ/2005/300/}}
}



